@book{AKP,
  doi = {10.48550/ARXIV.1903.08539},
  
  url = {https://arxiv.org/abs/1903.08539},
  
  author = {Alexander, Stephanie and Kapovitch, Vitali and Petrunin, Anton},
  
  keywords = {Differential Geometry (math.DG), Metric Geometry (math.MG), FOS: Mathematics, FOS: Mathematics, 53C23, 53C45, 30L99},
  
  title = {Alexandrov geometry: foundations},
  
  publisher = {arXiv},
  
  year = {2019},
  
  copyright = {Creative Commons Attribution 4.0 International}
}



@book {Al,
    AUTHOR = {Alexandrov, A. D.},
     TITLE = {Convex polyhedra},
    SERIES = {Springer Monographs in Mathematics},
    %  NOTE = {Translated from the 1950 Russian edition by N. S. Dairbekov, S. S. Kutateladze and A. B. Sossinsky, With comments and bibliography by V. A. Zalgaller and appendices by L. A. Shor and Yu. A. Volkov},
 PUBLISHER = {Springer-Verlag, Berlin},
      YEAR = {2005},
     PAGES = {xii+539},
      ISBN = {3-540-23158-7},
   MRCLASS = {52-02 (52Axx 52Bxx)},
  MRNUMBER = {2127379},
}

@article {BW,
    AUTHOR = {B\"{o}hm, C. and Wilking, B.},
     TITLE = {Manifolds with positive curvature operators are space forms},
   JOURNAL = {Ann. of Math. (2)},
  FJOURNAL = {Annals of Mathematics. Second Series},
    VOLUME = {167},
      YEAR = {2008},
    NUMBER = {3},
     PAGES = {1079--1097},
      ISSN = {0003-486X},
   MRCLASS = {53C44 (53C21)},
  MRNUMBER = {2415394},
MRREVIEWER = {John Urbas},
       DOI = {10.4007/annals.2008.167.1079},
       URL = {https://doi.org/10.4007/annals.2008.167.1079},
}

@article {Ch,
    AUTHOR = {Cheeger, J.},
     TITLE = {On the spectral geometry of spaces with cone-like
              singularities},
   JOURNAL = {Proc. Nat. Acad. Sci. U.S.A.},
  FJOURNAL = {Proceedings of the National Academy of Sciences of the United
              States of America},
    VOLUME = {76},
      YEAR = {1979},
    NUMBER = {5},
     PAGES = {2103--2106},
      ISSN = {0027-8424},
   MRCLASS = {58G25 (58G10)},
  MRNUMBER = {530173},
MRREVIEWER = {J\'{o}zef Dodziuk},
       DOI = {10.1073/pnas.76.5.2103},
       URL = {https://doi.org/10.1073/pnas.76.5.2103},
}

@book {Grom-PDR,
    AUTHOR = {Gromov, M.},
     TITLE = {Partial differential relations},
    SERIES = {Ergebnisse der Mathematik und ihrer Grenzgebiete (3) [Results
              in Mathematics and Related Areas (3)]},
    VOLUME = {9},
 PUBLISHER = {Springer-Verlag, Berlin},
      YEAR = {1986},
     PAGES = {x+363},
      ISBN = {3-540-12177-3},
   MRCLASS = {58G99 (35A99 35B99 53C42 58-02)},
  MRNUMBER = {864505},
MRREVIEWER = {Hung-Hsi Wu},
       DOI = {10.1007/978-3-662-02267-2},
       URL = {https://doi.org/10.1007/978-3-662-02267-2},
}

@article {Grom-SGMC,
    AUTHOR = {Gromov, M.},
     TITLE = {Sign and geometric meaning of curvature},
   JOURNAL = {Rend. Sem. Mat. Fis. Milano},
  FJOURNAL = {Rendiconti del Seminario Matematico e Fisico di Milano},
    VOLUME = {61},
      YEAR = {1991},
     PAGES = {9--123 (1994)},
      ISSN = {0370-7377},
   MRCLASS = {53C20 (53C23)},
  MRNUMBER = {1297501},
MRREVIEWER = {Zhongmin Shen},
       DOI = {10.1007/BF02925201},
       URL = {https://doi.org/10.1007/BF02925201},
}

@article {GW,
    AUTHOR = {Grove, K. and Wilhelm, F.},
     TITLE = {Metric constraints on exotic spheres via {A}lexandrov
              geometry},
   JOURNAL = {J. Reine Angew. Math.},
  FJOURNAL = {Journal f\"{u}r die Reine und Angewandte Mathematik. [Crelle's
              Journal]},
    VOLUME = {487},
      YEAR = {1997},
     PAGES = {201--217},
      ISSN = {0075-4102},
   MRCLASS = {53C23 (53C20)},
  MRNUMBER = {1454266},
MRREVIEWER = {Zhongmin Shen},
}

@article {Hil,
    AUTHOR = {Hilbert, D.},
     TITLE = {Ueber die {D}arstellung definiter {F}ormen als {S}umme von
              {F}ormenquadraten},
   JOURNAL = {Math. Ann.},
  FJOURNAL = {Mathematische Annalen},
    VOLUME = {32},
      YEAR = {1888},
    NUMBER = {3},
     PAGES = {342--350},
      ISSN = {0025-5831},
   MRCLASS = {DML},
  MRNUMBER = {1510517},
       DOI = {10.1007/BF01443605},
       URL = {https://doi.org/10.1007/BF01443605},
}

@article {LMPS,
    AUTHOR = {Lebedeva, N. and Matveev, V. and Petrunin, A. and
              Shevchishin, V.},
     TITLE = {Smoothing 3-dimensional polyhedral spaces},
   JOURNAL = {Electron. Res. Announc. Math. Sci.},
  FJOURNAL = {Electronic Research Announcements in Mathematical Sciences},
    VOLUME = {22},
      YEAR = {2015},
     PAGES = {12--19},
   MRCLASS = {53C20 (53C21)},
  MRNUMBER = {3361404},
MRREVIEWER = {Igor Rivin},
       DOI = {10.3934/era.2015.22.12},
       URL = {https://doi.org/10.3934/era.2015.22.12},
}

@misc{LP,
  doi = {10.48550/ARXIV.2202.13420},
  
  url = {https://arxiv.org/abs/2202.13420},
  
  author = {Lebedeva, N. and Petrunin, A.},
  
  keywords = {Differential Geometry (math.DG), Metric Geometry (math.MG), FOS: Mathematics, FOS: Mathematics, 53C20, 53C23, 53C45, 30L99},
  
  title = {Curvature tensor of smoothable Alexandrov spaces},
  
  publisher = {arXiv},
  
  year = {2022},
  
  copyright = {Creative Commons Zero v1.0 Universal}
}

@incollection {Loh-GLC,
    AUTHOR = {Lohkamp, J.},
     TITLE = {Global and local curvatures},
 BOOKTITLE = {Riemannian geometry ({W}aterloo, {ON}, 1993)},
    SERIES = {Fields Inst. Monogr.},
    VOLUME = {4},
     PAGES = {23--51},
 PUBLISHER = {Amer. Math. Soc., Providence, RI},
      YEAR = {1996},
   MRCLASS = {53C20 (53C21 58D17 58G30)},
  MRNUMBER = {1377308},
MRREVIEWER = {Zhongmin Shen},
       DOI = {10.1090/fim/004/02},
       URL = {https://doi.org/10.1090/fim/004/02},
}

@article {Loh-SCH,
    AUTHOR = {Lohkamp, J.},
     TITLE = {Scalar curvature and hammocks},
   JOURNAL = {Math. Ann.},
  FJOURNAL = {Mathematische Annalen},
    VOLUME = {313},
      YEAR = {1999},
    NUMBER = {3},
     PAGES = {385--407},
      ISSN = {0025-5831},
   MRCLASS = {53C21 (53C23)},
  MRNUMBER = {1678604},
MRREVIEWER = {Igor Belegradek},
       DOI = {10.1007/s002080050266},
       URL = {https://doi.org/10.1007/s002080050266},
}

@article {MM,
    AUTHOR = {Micallef, M. J. and Moore, J. D.},
     TITLE = {Minimal two-spheres and the topology of manifolds with
              positive curvature on totally isotropic two-planes},
   JOURNAL = {Ann. of Math. (2)},
  FJOURNAL = {Annals of Mathematics. Second Series},
    VOLUME = {127},
      YEAR = {1988},
    NUMBER = {1},
     PAGES = {199--227},
      ISSN = {0003-486X},
   MRCLASS = {53C42 (53C21 58E12 58E20)},
  MRNUMBER = {924677},
MRREVIEWER = {Andrea Ratto},
       DOI = {10.2307/1971420},
       URL = {https://doi.org/10.2307/1971420},
}

@article {Pan,
    AUTHOR = {Panov, D.},
     TITLE = {Polyhedral {K}\"{a}hler manifolds},
   JOURNAL = {Geom. Topol.},
  FJOURNAL = {Geometry \& Topology},
    VOLUME = {13},
      YEAR = {2009},
    NUMBER = {4},
     PAGES = {2205--2252},
      ISSN = {1465-3060},
   MRCLASS = {53C56 (32Q15 53C55)},
  MRNUMBER = {2507118},
MRREVIEWER = {Igor Belegradek},
       DOI = {10.2140/gt.2009.13.2205},
       URL = {https://doi.org/10.2140/gt.2009.13.2205},
}

@article{Per,
  title={DC Structure on Alexandrov Space (preliminary version)},
  author={Perelman, Grisha},
  journal={preprint},
  year={1994}
}

@article {PP,
    AUTHOR = {Perelman, G. and Petrunin, A.},
     TITLE = {Extremal subsets in {A}leksandrov spaces and the generalized
              {L}iberman theorem},
   JOURNAL = {St. Petersburg Math. J.},
    VOLUME = {5},
      YEAR = {1994},
    NUMBER = {1},
     PAGES = {215--227},
      ISSN = {0234-0852},
}

@incollection {Pet,
    AUTHOR = {Petrunin, A.},
     TITLE = {Applications of quasigeodesics and gradient curves},
 BOOKTITLE = {Comparison geometry ({B}erkeley, {CA}, 1993--94)},
    SERIES = {Math. Sci. Res. Inst. Publ.},
    VOLUME = {30},
     PAGES = {203--219},
 PUBLISHER = {Cambridge Univ. Press, Cambridge},
      YEAR = {1997},
   MRCLASS = {53C23},
  MRNUMBER = {1452875},
MRREVIEWER = {Conrad Plaut},
       DOI = {10.2977/prims/1195166129},
       URL = {https://doi.org/10.2977/prims/1195166129},
}

@article {Zol,
    AUTHOR = {Zoltek, S. M.},
     TITLE = {Nonnegative curvature operators: some nontrivial examples},
   JOURNAL = {J. Differential Geometry},
  FJOURNAL = {Journal of Differential Geometry},
    VOLUME = {14},
      YEAR = {1979},
    NUMBER = {2},
     PAGES = {303--315},
      ISSN = {0022-040X},
   MRCLASS = {53B99 (15A75)},
  MRNUMBER = {587555},
MRREVIEWER = {Francesco Mercuri},
       URL = {http://projecteuclid.org/euclid.jdg/1214434976},
}
